<?xml version="1.0" encoding="UTF-8"?><record xmlns="http://www.loc.gov/MARC21/slim" xmlns:cinclude="http://apache.org/cocoon/include/1.0" xmlns:zs="http://www.loc.gov/zing/srw/">
  <leader>01450nz  a2200193n  4500</leader>
  <controlfield tag="001">n 2015045739</controlfield>
  <controlfield tag="003">DLC</controlfield>
  <controlfield tag="005">20150723123707.0</controlfield>
  <controlfield tag="008">150723n| azannaabn          |a aaa      </controlfield>
  <datafield tag="010" ind1=" " ind2=" ">
    <subfield code="a">n 2015045739</subfield>
  </datafield>
  <datafield tag="040" ind1=" " ind2=" ">
    <subfield code="a">DLC</subfield>
    <subfield code="b">eng</subfield>
    <subfield code="e">rda</subfield>
    <subfield code="c">DLC</subfield>
  </datafield>
  <datafield tag="100" ind1="1" ind2=" ">
    <subfield code="a">Duluc Rijo, Rafael Barón</subfield>
  </datafield>
  <datafield tag="371" ind1=" " ind2=" ">
    <subfield code="m">rafael.duluc@duluclawyer.com</subfield>
  </datafield>
  <datafield tag="372" ind1=" " ind2=" ">
    <subfield code="a">Law</subfield>
    <subfield code="2">lcsh</subfield>
  </datafield>
  <datafield tag="374" ind1=" " ind2=" ">
    <subfield code="a">Lawyers</subfield>
    <subfield code="2">lcsh</subfield>
  </datafield>
  <datafield tag="375" ind1=" " ind2=" ">
    <subfield code="a">male</subfield>
  </datafield>
  <datafield tag="400" ind1="1" ind2=" ">
    <subfield code="a">Rijo, Rafael Barón Duluc</subfield>
  </datafield>
  <datafield tag="670" ind1=" " ind2=" ">
    <subfield code="a">La prueba civil en un estado social y democrático de derecho, 2012:</subfield>
    <subfield code="b">t.p. (Rafael Barón Duluc Rijo) p. 2 of cover (doctor en Derecho de la Universidad Central del Este (UCE) desde el 1996. Diploma Universitario en Derecho Privado Francés, Europeo e Internacional con la Universite Panteón-Assas (Paris II))</subfield>
  </datafield>
  <datafield tag="670" ind1=" " ind2=" ">
    <subfield code="a">His website, viewed July 23, 2015</subfield>
    <subfield code="b">(Dr. Rafael Baron Duluc Rijo, admitted to the Bar Association of the Dominican Republic in 1996.  Vice Minister of Tourism of the Dominican Republic. Manager of Promotion and Development of Tourism. 2012-Present. Civil, governor of the province La Altagracia. 2010-2012.  e is founding partner of the firm Duluc-Aybar &amp; Corporán. 2003 ...  Judge of Peace of the Municipality of Higuey, La Altagracia and Deputy Judge of the Civil and Commercial Chamber and Criminal Chamber of the Court of First Instance of the Judicial District of La Altagracia. 1998 until his resignation in 2003 ... e-mail: rafael.duluc@duluclawyer.com</subfield>
    <subfield code="u">www.duluclawyer.com</subfield>
  </datafield>
</record>